<?xml version="1.0" encoding="UTF-8"?><collection xmlns="http://www.loc.gov/MARC21/slim"><record><leader>00539nam--2200181-i-4500</leader><controlfield tag="001">000007643</controlfield><controlfield tag="002">20161230</controlfield><controlfield tag="005">20161230201027</controlfield><controlfield tag="008">060222s1000------------r-----000-0-eng-d</controlfield><datafield ind1=" " ind2=" " tag="040"><subfield code="a">IFIN-HH</subfield></datafield><datafield ind1=" " ind2=" " tag="080"><subfield code="a">534.2</subfield></datafield><datafield ind1="1" ind2=" " tag="100"><subfield code="a">Coleman, B.D./S.A.</subfield></datafield><datafield ind1="1" ind2="0" tag="245"><subfield code="a">Wave propagation in dissipative materials</subfield><subfield code="b">A preprint of five memoirs</subfield><subfield code="c">B.D. Coleman, M.E. Gurtin, I. Herrera R., C. Truesdell</subfield></datafield><datafield ind1=" " ind2=" " tag="260"><subfield code="a">Berlin, Springer-verlag, 1965</subfield></datafield><datafield ind1=" " ind2=" " tag="300"><subfield code="a">V+264-338P</subfield></datafield><datafield ind1="1" ind2=" " tag="700"><subfield code="a">Truesdell, C</subfield></datafield><datafield ind1=" " ind2=" " tag="852"><subfield code="a">24012</subfield><subfield code="c">534</subfield></datafield><datafield ind1=" " ind2=" " tag="CAT"><subfield code="a">Sys</subfield><subfield code="c">20101007</subfield><subfield code="h">122301</subfield></datafield></record></collection>